@book{gramlich2021,
    author = "Günther Gramlich",
    title = "Lineare Algebra: Eine Einführung",
    year = "2021",
    publisher = "Carl Hanser Verlag GmbH Co KG"
    }
